@misc{OWLAPI,
      title = "Site do OWL API",
      url = "http://owlcs.github.io/owlapi/",
      howpublished = "http://owlcs.github.io/owlapi/"
}

@misc{JNI,
      title = "JNI",
      url = "https://docs.oracle.com/javase/8/docs/technotes/guides/jni/",
      howpublished = "https://docs.oracle.com/javase/8/docs/technotes/guides/jni/"
}

@inproceedings{Baader2005a,
 author = {Baader, Franz and Brandt, Sebastian and Lutz, Carsten},
 title = {Pushing the \text{EL} Envelope},
 booktitle = {Proceedings of the 19th International Joint Conference on Artificial Intelligence},
 series = {IJCAI'05},
 year = {2005},
 pages = {364--369},
} 


@InCollection{Fin2019b,
  author =       {Marcelo Finger},
  title =        {Extending {EL++} with Linear Constraints on the Probability of Axioms},
  booktitle =    {Description Logic, Theory Combination, and All That},
  booksubtitle=  {Essays Dedicated to Franz Baader on the Occasion of His 60th Birthday},
  OPTcrossref =  {},
  OPTkey =       {},
  publisher = {Springer International Publishing},
  year =      {2019},
  editor =    {Carsten Lutz and Uli Sattler and Cesare Tinelli and Anni-Yasmin Turhan and Frank Wolter},
  volume =    {LLNCS 11560},
  OPTnumber =    {},
  series =    {Theoretical Computer Science and General Issues},
  OPTtype =      {},
  OPTchapter =   {},
  OPTpages =     {},
  OPTedition =   {},
  OPTmonth =     {},
  OPTaddress =   {},
  doi =          {10.1007/978-3-030-22102-7},
  isbn=          {978-3-030-22101-0},
  OPTnote =      {},
  OPTannote =    {}
}